@book{dayar2012analyzing,
  title={Analyzing Markov chains using Kronecker products: theory and applications},
  author={Dayar, Tugrul},
  year={2012},
  publisher={Springer}
}

@article{DBLP:journals/tse/ChiolaMBC93,
  author    = {Giovanni Chiola and
               Marco Ajmone Marsan and
               Gianfranco Balbo and
               Gianni Conte},
  title     = {Generalized Stochastic Petri Nets: {A} Definition at the Net Level
               and Its Implications},
  journal   = {{IEEE} Trans. Software Eng.},
  volume    = {19},
  number    = {2},
  pages     = {89--107},
  year      = {1993},
  url       = {http://doi.ieeecomputersociety.org/10.1109/32.214828},
  doi       = {10.1109/32.214828},
  timestamp = {Mon, 07 Nov 2011 16:59:23 +0100},
  biburl    = {http://dblp.uni-trier.de/rec/bib/journals/tse/ChiolaMBC93},
  bibsource = {dblp computer science bibliography, http://dblp.org}
}

@article{DBLP:journals/sigmetrics/BuchholzK98,
  author    = {Peter Buchholz and
               Peter Kemper},
  title     = {On generating a hierarchy for {GSPN} analysis},
  journal   = {{SIGMETRICS} Performance Evaluation Review},
  volume    = {26},
  number    = {2},
  pages     = {5--14},
  year      = {1998},
  url       = {http://doi.acm.org/10.1145/288197.288202},
  doi       = {10.1145/288197.288202},
  timestamp = {Thu, 09 Feb 2006 13:37:34 +0100},
  biburl    = {http://dblp.uni-trier.de/rec/bib/journals/sigmetrics/BuchholzK98},
  bibsource = {dblp computer science bibliography, http://dblp.org}
}

@article{bao2008decompositional,
  title={Decompositional analysis of Kronecker structured Markov chains},
  author={Bao, Yujuan and Bozkurt, {\.I}lker N and Dayar, Tu\u grul and Sun, Xiaobai and Trivedi, Kishor S},
  journal={Electronic Transactions on Numerical Analysis},
  volume={31},
  pages={271--294},
  year={2008}
}
