@book{dayar2012analyzing,
  title={Analyzing Markov chains using Kronecker products: theory and applications},
  author={Dayar, Tugrul},
  year={2012},
  publisher={Springer}
}

@article{DBLP:journals/tse/ChiolaMBC93,
  author    = {Giovanni Chiola and
               Marco Ajmone Marsan and
               Gianfranco Balbo and
               Gianni Conte},
  title     = {Generalized Stochastic Petri Nets: {A} Definition at the Net Level
               and Its Implications},
  journal   = {{IEEE} Trans. Software Eng.},
  volume    = {19},
  number    = {2},
  pages     = {89--107},
  year      = {1993},
  url       = {http://doi.ieeecomputersociety.org/10.1109/32.214828},
  doi       = {10.1109/32.214828},
  timestamp = {Mon, 07 Nov 2011 16:59:23 +0100},
  biburl    = {http://dblp.uni-trier.de/rec/bib/journals/tse/ChiolaMBC93},
  bibsource = {dblp computer science bibliography, http://dblp.org}
}

@article{DBLP:journals/sigmetrics/BuchholzK98,
  author    = {Peter Buchholz and
               Peter Kemper},
  title     = {On generating a hierarchy for {GSPN} analysis},
  journal   = {{SIGMETRICS} Performance Evaluation Review},
  volume    = {26},
  number    = {2},
  pages     = {5--14},
  year      = {1998},
  url       = {http://doi.acm.org/10.1145/288197.288202},
  doi       = {10.1145/288197.288202},
  timestamp = {Thu, 09 Feb 2006 13:37:34 +0100},
  biburl    = {http://dblp.uni-trier.de/rec/bib/journals/sigmetrics/BuchholzK98},
  bibsource = {dblp computer science bibliography, http://dblp.org}
}

@article{bao2008decompositional,
  title={Decompositional analysis of Kronecker structured Markov chains},
  author={Bao, Yujuan and Bozkurt, {\.I}lker N and Dayar, Tu\u grul and Sun, Xiaobai and Trivedi, Kishor S},
  journal={Electronic Transactions on Numerical Analysis},
  volume={31},
  pages={271--294},
  year={2008}
}

@article{DBLP:journals/questa/Buchholz94,
  author    = {Peter Buchholz},
  title     = {A class of hierarchical queueing networks and their analysis},
  journal   = {Queueing Syst.},
  volume    = {15},
  number    = {1-4},
  pages     = {59--80},
  year      = {1994},
  url       = {http://dx.doi.org/10.1007/BF01189232},
  doi       = {10.1007/BF01189232},
  timestamp = {Tue, 02 Dec 2008 10:42:54 +0100},
  biburl    = {http://dblp.uni-trier.de/rec/bib/journals/questa/Buchholz94},
  bibsource = {dblp computer science bibliography, http://dblp.org}
}

@article{DBLP:journals/tse/Buchholz99,
  author    = {Peter Buchholz},
  title     = {Hierarchical Structuring of Superposed GSPNs},
  journal   = {{IEEE} Trans. Software Eng.},
  volume    = {25},
  number    = {2},
  pages     = {166--181},
  year      = {1999},
  url       = {http://doi.ieeecomputersociety.org/10.1109/32.761443},
  doi       = {10.1109/32.761443},
  timestamp = {Sat, 24 Jan 4435407 20:46:08 +},
  biburl    = {http://dblp.uni-trier.de/rec/bib/journals/tse/Buchholz99},
  bibsource = {dblp computer science bibliography, http://dblp.org}
}

@book{young1971iterative,
  title={Iterative solution of large linear systems},
  author={Young, D.M.},
  lccn={73170124},
  series={Computer science and applied mathematics},
  url={http://books.google.hu/books?id=oALvAAAAMAAJ},
  year={1971},
  publisher={Academic Press}
}

@article{DBLP:journals/tse/TeruelFP03,
  author    = {Enrique Teruel and
               Giuliana Franceschinis and
               Massimiliano De Pierro},
  title     = {Well-Defined Generalized Stochastic Petri Nets: {A} Net-Level Method
               to Specify Priorities},
  journal   = {{IEEE} Trans. Software Eng.},
  volume    = {29},
  number    = {11},
  pages     = {962--973},
  year      = {2003},
  url       = {http://doi.ieeecomputersociety.org/10.1109/TSE.2003.1245298},
  doi       = {10.1109/TSE.2003.1245298},
  timestamp = {Wed, 26 Oct 2011 12:01:28 +0200},
  biburl    = {http://dblp.uni-trier.de/rec/bib/journals/tse/TeruelFP03},
  bibsource = {dblp computer science bibliography, http://dblp.org}
}

@article{DBLP:journals/fgcs/BenoitPS06,
  author    = {Anne Benoit and
               Brigitte Plateau and
               William J. Stewart},
  title     = {Memory-efficient Kronecker algorithms with applications to the modelling
               of parallel systems},
  journal   = {Future Generation Comp. Syst.},
  volume    = {22},
  number    = {7},
  pages     = {838--847},
  year      = {2006},
  url       = {http://dx.doi.org/10.1016/j.future.2006.02.006},
  doi       = {10.1016/j.future.2006.02.006},
  timestamp = {Thu, 14 Sep 2006 14:08:25 +0200},
  biburl    = {http://dblp.uni-trier.de/rec/bib/journals/fgcs/BenoitPS06},
  bibsource = {dblp computer science bibliography, http://dblp.org}
}

@article{murata1989petri,
  title={Petri nets: Properties, analysis and applications},
  author={Murata, Tadao},
  journal={Proceedings of the IEEE},
  volume={77},
  number={4},
  pages={541--580},
  year={1989},
  publisher={IEEE}
}

@inproceedings{DBLP:conf/apn/Chrzastowski-Wachtel99,
  author    = {Piotr Chrzastowski{-}Wachtel},
  title     = {Testing Undecidability of the Reachability in Petri Nets with the
               Help of 10th Hilbert Problem},
  booktitle = {Application and Theory of Petri Nets 1999, 20th International Conference,
               {ICATPN} '99, Williamsburg, Virginia, USA, June 21-25, 1999, Proceedings},
  pages     = {268--281},
  year      = {1999},
  crossref  = {DBLP:conf/apn/1999},
  url       = {http://dx.doi.org/10.1007/3-540-48745-X_16},
  doi       = {10.1007/3-540-48745-X_16},
  timestamp = {Fri, 17 Jun 2011 14:09:53 +0200},
  biburl    = {http://dblp.uni-trier.de/rec/bib/conf/apn/Chrzastowski-Wachtel99},
  bibsource = {dblp computer science bibliography, http://dblp.org}
}

@proceedings{DBLP:conf/apn/1999,
  editor    = {Susanna Donatelli and
               H. C. M. Kleijn},
  title     = {Application and Theory of Petri Nets 1999, 20th International Conference,
               {ICATPN} '99, Williamsburg, Virginia, USA, June 21-25, 1999, Proceedings},
  series    = {Lecture Notes in Computer Science},
  volume    = {1639},
  publisher = {Springer},
  year      = {1999},
  isbn      = {3-540-66132-8},
  timestamp = {Wed, 14 Aug 2002 08:24:07 +0200},
  biburl    = {http://dblp.uni-trier.de/rec/bib/conf/apn/1999},
  bibsource = {dblp computer science bibliography, http://dblp.org}
}

@inproceedings{DBLP:conf/sigmetrics/BlakeRT88,
  author    = {James T. Blake and
               Andrew L. Reibman and
               Kishor S. Trivedi},
  title     = {Sensitivity Analysis of Reliability and Performability Measures for
               Multiprocessor Systems},
  booktitle = {{SIGMETRICS}},
  pages     = {177--186},
  year      = {1988},
  url       = {http://doi.acm.org/10.1145/55595.55616},
  doi       = {10.1145/55595.55616},
  timestamp = {Fri, 22 Jan 2010 17:40:52 +0100},
  biburl    = {http://dblp.uni-trier.de/rec/bib/conf/sigmetrics/BlakeRT88},
  bibsource = {dblp computer science bibliography, http://dblp.org}
}


@inproceedings{DBLP:conf/apn/Marsan88,
  author    = {Marco Ajmone Marsan},
  title     = {Stochastic Petri nets: an elementary introduction},
  booktitle = {Advances in Petri Nets 1989, covers the 9th European Workshop on Applications
               and Theory in Petri Nets, held in Venice, Italy in June 1988, selected
               papers},
  pages     = {1--29},
  year      = {1988},
  crossref  = {DBLP:conf/apn/1988},
  url       = {http://dx.doi.org/10.1007/3-540-52494-0_23},
  doi       = {10.1007/3-540-52494-0_23},
  timestamp = {Sat, 19 Sep 2009 20:22:08 +0200},
  biburl    = {http://dblp.uni-trier.de/rec/bib/conf/apn/Marsan88},
  bibsource = {dblp computer science bibliography, http://dblp.org}
}

@proceedings{DBLP:conf/apn/1988,
  editor    = {Grzegorz Rozenberg},
  title     = {Advances in Petri Nets 1989, covers the 9th European Workshop on Applications
               and Theory in Petri Nets, held in Venice, Italy in June 1988, selected
               papers},
  series    = {Lecture Notes in Computer Science},
  volume    = {424},
  publisher = {Springer},
  year      = {1990},
  isbn      = {3-540-52494-0},
  timestamp = {Mon, 10 Jun 2002 13:47:21 +0200},
  biburl    = {http://dblp.uni-trier.de/rec/bib/conf/apn/1988},
  bibsource = {dblp computer science bibliography, http://dblp.org}
}

@book{stewart1994introduction,
  title={Introduction to the numerical solutions of Markov chains},
  author={Stewart, Williams J},
  year={1994},
  publisher={Princeton Univ. Press}
}

@book{plemmons1979nonnegative,
  title={Nonnegative matrices in the mathematical sciences},
  author={Plemmons, RJ and Berman, A},
  year={1979},
  publisher={Academic Press, New York}
}

@inproceedings{DBLP:conf/apn/Donatelli94,
  author    = {Susanna Donatelli},
  title     = {Superposed Generalized Stochastic Petri Nets: Definition and Efficient
               Solution},
  booktitle = {Application and Theory of Petri Nets 1994, 15th International Conference,
               Zaragoza, Spain, June 20-24, 1994, Proceedings},
  pages     = {258--277},
  year      = {1994},
  crossref  = {DBLP:conf/apn/1994},
  url       = {http://dx.doi.org/10.1007/3-540-58152-9_15},
  doi       = {10.1007/3-540-58152-9_15},
  timestamp = {Sat, 19 Sep 2009 20:47:32 +0200},
  biburl    = {http://dblp.uni-trier.de/rec/bib/conf/apn/Donatelli94},
  bibsource = {dblp computer science bibliography, http://dblp.org}
}

@proceedings{DBLP:conf/apn/1994,
  editor    = {Robert Valette},
  title     = {Application and Theory of Petri Nets 1994, 15th International Conference,
               Zaragoza, Spain, June 20-24, 1994, Proceedings},
  series    = {Lecture Notes in Computer Science},
  volume    = {815},
  publisher = {Springer},
  year      = {1994},
  isbn      = {3-540-58152-9},
  timestamp = {Fri, 04 Jan 2002 08:36:16 +0100},
  biburl    = {http://dblp.uni-trier.de/rec/bib/conf/apn/1994},
  bibsource = {dblp computer science bibliography, http://dblp.org}
}

@article{funderlic1986sensitivity,
  title={Sensitivity of the stationary distribution vector for an ergodic Markov chain},
  author={Funderlic, Robert E and Meyer, Carl Dean},
  journal={Linear Algebra and its Applications},
  volume={76},
  pages={1--17},
  year={1986},
  publisher={Elsevier}
}

@article{ipsen1994uniform,
  title={Uniform stability of Markov chains},
  author={Ipsen, Ilse CF and Meyer, Carl D},
  journal={SIAM Journal on Matrix Analysis and Applications},
  volume={15},
  number={4},
  pages={1061--1074},
  year={1994},
  publisher={SIAM}
}

@inproceedings{DBLP:conf/cpe/GilmoreH94,
  author    = {Stephen Gilmore and
               Jane Hillston},
  title     = {The {PEPA} Workbench: {A} Tool to Support a Process Algebra-based
               Approach to Performance Modelling},
  booktitle = {Computer Performance Evaluation, Modeling Techniques and Tools, 7th
               International Conference, Vienna, Austria, May 3-6, 1994, Proceedings},
  pages     = {353--368},
  year      = {1994},
  crossref  = {DBLP:conf/cpe/1994},
  url       = {http://dx.doi.org/10.1007/3-540-58021-2_20},
  doi       = {10.1007/3-540-58021-2_20},
  timestamp = {Wed, 30 Sep 2009 12:35:24 +0200},
  biburl    = {http://dblp.uni-trier.de/rec/bib/conf/cpe/GilmoreH94},
  bibsource = {dblp computer science bibliography, http://dblp.org}
}

@proceedings{DBLP:conf/cpe/1994,
  editor    = {G{\"{u}}nter Haring and
               Gabriele Kotsis},
  title     = {Computer Performance Evaluation, Modeling Techniques and Tools, 7th
               International Conference, Vienna, Austria, May 3-6, 1994, Proceedings},
  series    = {Lecture Notes in Computer Science},
  volume    = {794},
  publisher = {Springer},
  year      = {1994},
  isbn      = {3-540-58021-2},
  timestamp = {Thu, 14 Feb 2002 13:12:30 +0100},
  biburl    = {http://dblp.uni-trier.de/rec/bib/conf/cpe/1994},
  bibsource = {dblp computer science bibliography, http://dblp.org}
}

@inproceedings{DBLP:conf/mascots/FernandesPS95,
  author    = {Paulo Fernandes and
               Brigitte Plateau and
               William J. Stewart},
  title     = {Numerical Evaluation of Stochastic Automata Networks},
  booktitle = {{MASCOTS} '95, Proceedings of the Third International Workshop on
               Modeling, Analysis, and Simulation On Computer and Telecommunication
               Systems, January 10-18, 1995, Durham, North Carolina, {USA}},
  pages     = {179--183},
  year      = {1995},
  crossref  = {DBLP:conf/mascots/1995},
  url       = {http://dx.doi.org/10.1109/MASCOT.1995.378690},
  doi       = {10.1109/MASCOT.1995.378690},
  timestamp = {Fri, 17 Oct 2014 14:47:22 +0200},
  biburl    = {http://dblp.uni-trier.de/rec/bib/conf/mascots/FernandesPS95},
  bibsource = {dblp computer science bibliography, http://dblp.org}
}

@proceedings{DBLP:conf/mascots/1995,
  editor    = {Patrick W. Dowd and
               Erol Gelenbe},
  title     = {{MASCOTS} '95, Proceedings of the Third International Workshop on
               Modeling, Analysis, and Simulation On Computer and Telecommunication
               Systems, January 10-18, 1995, Durham, North Carolina, {USA}},
  publisher = {{IEEE} Computer Society},
  year      = {1995},
  url       = {http://ieeexplore.ieee.org/xpl/mostRecentIssue.jsp?punumber=3028},
  isbn      = {0-8186-6902-0},
  timestamp = {Thu, 16 Oct 2014 17:35:18 +0200},
  biburl    = {http://dblp.uni-trier.de/rec/bib/conf/mascots/1995},
  bibsource = {dblp computer science bibliography, http://dblp.org}
}

@article{donatelli1993superposed,
  title={Superposed stochastic automata: a class of stochastic Petri nets with parallel solution and distributed state space},
  author={Donatelli, Susanna},
  journal={Performance Evaluation},
  volume={18},
  number={1},
  pages={21--36},
  year={1993},
  publisher={Elsevier}
}

@article{DBLP:journals/pe/CiardoMT91,
  author    = {Gianfranco Ciardo and
               Jogesh K. Muppala and
               Kishor S. Trivedi},
  title     = {On the Solution of {GSPN} Reward Models},
  journal   = {Perform. Eval.},
  volume    = {12},
  number    = {4},
  pages     = {237--253},
  year      = {1991},
  url       = {http://dx.doi.org/10.1016/0166-5316(91)90003-L},
  doi       = {10.1016/0166-5316(91)90003-L},
  timestamp = {Fri, 09 Sep 2011 12:53:07 +0200},
  biburl    = {http://dblp.uni-trier.de/rec/bib/journals/pe/CiardoMT91},
  bibsource = {dblp computer science bibliography, http://dblp.org}
}

@inproceedings{DBLP:conf/sigmetrics/RameshT93,
  author    = {A. V. Ramesh and
               Kishor S. Trivedi},
  title     = {On the Sensitivity of Transient Solutions of Markov Models},
  booktitle = {{SIGMETRICS}},
  pages     = {122--134},
  year      = {1993},
  url       = {http://doi.acm.org/10.1145/166955.166998},
  doi       = {10.1145/166955.166998},
  timestamp = {Fri, 22 Jan 2010 17:29:15 +0100},
  biburl    = {http://dblp.uni-trier.de/rec/bib/conf/sigmetrics/RameshT93},
  bibsource = {dblp computer science bibliography, http://dblp.org}
}

@article{reibman1989markov,
  title={Markov and Markov reward model transient analysis: An overview of numerical approaches},
  author={Reibman, Andrew and Smith, Roger and Trivedi, Kishor},
  journal={European Journal of Operational Research},
  volume={40},
  number={2},
  pages={257--267},
  year={1989},
  publisher={Elsevier}
}

@article{DBLP:journals/cor/Grassmann77,
  author    = {Winfried K. Grassmann},
  title     = {Transient solutions in markovian queueing systems},
  journal   = {Computers {\&} {OR}},
  volume    = {4},
  number    = {1},
  pages     = {47--53},
  year      = {1977},
  url       = {http://dx.doi.org/10.1016/0305-0548(77)90007-7},
  doi       = {10.1016/0305-0548(77)90007-7},
  timestamp = {Wed, 29 Mar 2006 13:42:26 +0200},
  biburl    = {http://dblp.uni-trier.de/rec/bib/journals/cor/Grassmann77},
  bibsource = {dblp computer science bibliography, http://dblp.org}
}

@article{DBLP:journals/tse/MarsanBBCCC89,
  author    = {Marco Ajmone Marsan and
               Gianfranco Balbo and
               Andrea Bobbio and
               Giovanni Chiola and
               Gianni Conte and
               Aldo Cumani},
  title     = {The Effect of Execution Policies on the Semantics and Analysis of
               Stochastic Petri Nets},
  journal   = {{IEEE} Trans. Software Eng.},
  volume    = {15},
  number    = {7},
  pages     = {832--846},
  year      = {1989},
  url       = {http://doi.ieeecomputersociety.org/10.1109/32.29483},
  doi       = {10.1109/32.29483},
  timestamp = {Mon, 07 Nov 2011 16:59:25 +0100},
  biburl    = {http://dblp.uni-trier.de/rec/bib/journals/tse/MarsanBBCCC89},
  bibsource = {dblp computer science bibliography, http://dblp.org}
}

@article{Longo:2015:TSR:2767455.2767457,
 author = {Longo, Francesco and Scarpa, Marco},
 title = {Two-layer Symbolic Representation for Stochastic Models with Phase-type Distributed Events},
 journal = {Intern. J. Syst. Sci.},
 issue_date = {10 July 2015},
 volume = {46},
 number = {9},
 month = jul,
 year = {2015},
 issn = {0020-7721},
 pages = {1540--1571},
 numpages = {32},
 url = {http://dx.doi.org/10.1080/00207721.2013.822940},
 doi = {10.1080/00207721.2013.822940},
 acmid = {2767457},
 publisher = {Taylor \& Francis, Inc.},
 address = {Bristol, PA, USA},
 keywords = {decision diagrams, efficient memory occupation, non-Markovian models, phase-type distributions, preemption policies, symbolic representation},
} 

@article{DBLP:journals/tocs/MarsanCB84,
  author    = {Marco Ajmone Marsan and
               Gianni Conte and
               Gianfranco Balbo},
  title     = {A Class of Generalized Stochastic Petri Nets for the Performance Evaluation
               of Multiprocessor Systems},
  journal   = {{ACM} Trans. Comput. Syst.},
  volume    = {2},
  number    = {2},
  pages     = {93--122},
  year      = {1984},
  url       = {http://doi.acm.org/10.1145/190.191},
  doi       = {10.1145/190.191},
  timestamp = {Mon, 03 Apr 2006 11:14:09 +0200},
  biburl    = {http://dblp.uni-trier.de/rec/bib/journals/tocs/MarsanCB84},
  bibsource = {dblp computer science bibliography, http://dblp.org}
}

@inproceedings{DBLP:conf/apn/MarsanC86,
  author    = {Marco Ajmone Marsan and
               Giovanni Chiola},
  title     = {On Petri nets with deterministic and exponentially distributed firing
               times},
  booktitle = {Advances in Petri Nets 1987, covers the 7th European Workshop on Applications
               and Theory of Petri Nets, Oxford, UK, June 1986},
  pages     = {132--145},
  year      = {1986},
  crossref  = {DBLP:conf/apn/1986},
  url       = {http://dx.doi.org/10.1007/3-540-18086-9_23},
  doi       = {10.1007/3-540-18086-9_23},
  timestamp = {Sat, 19 Sep 2009 20:12:08 +0200},
  biburl    = {http://dblp.uni-trier.de/rec/bib/conf/apn/MarsanC86},
  bibsource = {dblp computer science bibliography, http://dblp.org}
}

@proceedings{DBLP:conf/apn/1986,
  editor    = {Grzegorz Rozenberg},
  title     = {Advances in Petri Nets 1987, covers the 7th European Workshop on Applications
               and Theory of Petri Nets, Oxford, UK, June 1986},
  series    = {Lecture Notes in Computer Science},
  volume    = {266},
  publisher = {Springer},
  year      = {1987},
  isbn      = {3-540-18086-9},
  timestamp = {Mon, 10 Jun 2002 13:52:05 +0200},
  biburl    = {http://dblp.uni-trier.de/rec/bib/conf/apn/1986},
  bibsource = {dblp computer science bibliography, http://dblp.org}
}

@article{DBLP:journals/tc/ChiolaDFH93,
  author    = {Giovanni Chiola and
               Claude Dutheillet and
               Giuliana Franceschinis and
               Serge Haddad},
  title     = {Stochastic Well-Formed Colored Nets and Symmetric Modeling Applications},
  journal   = {{IEEE} Trans. Computers},
  volume    = {42},
  number    = {11},
  pages     = {1343--1360},
  year      = {1993},
  url       = {http://doi.ieeecomputersociety.org/10.1109/12.247838},
  doi       = {10.1109/12.247838},
  timestamp = {Thu, 27 Oct 2011 17:39:59 +0200},
  biburl    = {http://dblp.uni-trier.de/rec/bib/journals/tc/ChiolaDFH93},
  bibsource = {dblp computer science bibliography, http://dblp.org}
}



@inproceedings{DBLP:conf/pnpm/MeyerMS85,
  author    = {John F. Meyer and
               Ali Movaghar and
               William H. Sanders},
  title     = {Stochastic Activity Networks: Structure, Behavior, and Application},
  booktitle = {International Workshop on Timed Petri Nets, Torino, Italy, July 1-3,
               1985},
  pages     = {106--115},
  year      = {1985},
  crossref  = {DBLP:conf/pnpm/1985},
  timestamp = {Thu, 29 Apr 2004 10:05:48 +0200},
  biburl    = {http://dblp.uni-trier.de/rec/bib/conf/pnpm/MeyerMS85},
  bibsource = {dblp computer science bibliography, http://dblp.org}
}

@proceedings{DBLP:conf/pnpm/1985,
  title     = {International Workshop on Timed Petri Nets, Torino, Italy, July 1-3,
               1985},
  publisher = {{IEEE} Computer Society},
  year      = {1985},
  isbn      = {0-8186-0674-6},
  timestamp = {Wed, 29 May 2002 15:58:20 +0200},
  biburl    = {http://dblp.uni-trier.de/rec/bib/conf/pnpm/1985},
  bibsource = {dblp computer science bibliography, http://dblp.org}
}

@book{stewart2009probability,
  title={Probability, Markov chains, queues, and simulation: the mathematical basis of performance modeling},
  author={Stewart, William J},
  year={2009},
  publisher={Princeton University Press}
}
